
@article{one,
    author = {Lu, Fangfang and Zhou, Hao and Guo, Lingling and Chen, Jingjing and Pei, Licheng},
    title = {An ARCore-Based Augmented Reality Campus Navigation System},
    journal = {Applied Sciences},
    volume = {11},
    year = {2021},
    number = {16},
    doi = {10.3390/app11167515}
}

@article{two,
    author = {B. B. Neelakantappa and S. Madhura and C. L. Meghana and H. P. Mandara},
    title = {Smart Campus Navigation System},
    journal = {International Journal for Multidisciplinary Research (IJFMR)},
    year = {2025},
    url = {https://www.ijfmr.com/papers/2025/1/34970.pdf}
}

@article{three,
    author = {Gu, Yuxuan and Liu, Fengyu and Yi, Xiaodi and Yang, Lewei and Wang, Yunshu},
    title = {Spatial feature recognition and layout method based on improved CenterNet and LSTM frameworks},
    journal = {ETRI Journal},
    year = {2025},
    doi = {https://doi.org/10.4218/etrij.2024-0192},
}

@misc{four,
    author = {Jaydeep Lokhande and Prathamesh Bodhankar and Madhuri Rao and Aayush Bhuvad and Rusheil Baath and Aman Bendre and Seema Idhate},
    title = {Campus Navigation Using Augmented Reality and Virtual Reality},
    year = {2024},
    url = {https://doi.org/https://www.ijfmr.com/papers/2024/3/19504.pdf}
}

@misc{five,
    author = {Renuka Devi Rajagopal and Akshay Sripriya and Shakthi B and Manoj Rathinam},
    title = {AR-Based Application for Campus Navigation},
    year = {2024},
    url = {https://alife-robotics.co.jp/members2024/icarob/data/html/data/OS/OS18-3.pdf}
}

@inproceedings{six,
    author={Giri, Ram Nivas and Janghel, Rekh Ram and Govil, Himanshu and Pandey, Saroj Kumar},
    booktitle={2022 IEEE 4th International Conference on Cybernetics, Cognition and Machine Learning Applications (ICCCMLA)}, 
    title={Spatial Feature Extraction using Pretrained Convolutional Neural Network for Hyperspectral Image Classification}, 
    year={2022},
    pages={386-389},
    doi={10.1109/ICCCMLA56841.2022.9989101}
}

@misc{seven,
    author = {Kirti Vasdev},
    title = {Spatial Data Clustering and Pattern Recognition Using Machine Learning},
    year = {2024},
    url = {https://www.ijfmr.com/papers/2024/1/23474.pdf}
}

@article{eight,
    author={Chu, Liang and Hou, Zhuoran and Jiang, Jingjing and Yang, Jun and Zhang, Yuanjian},
    journal={IEEE Transactions on Intelligent Vehicles}, 
    title={Spatial-Temporal Feature Extraction and Evaluation Network for Citywide Traffic Condition Prediction}, 
    year={2023},
    pages={1-16},
    doi={10.1109/TIV.2023.3324184}
}

@article{nine,
    author = {Nishika Manira and Swelia Monteiro and Tashya Alberto and Tracy Niasso and Supriya Patil},
    title = {Geo-Landmark Recognition and Detection},
    journal = {International Journal of Innovative Technology and Exploring Engineering (IJITEE)},
    volume = {10},
    year = {2021},
    number = {7},
    pages = {95–98},
    doi = {10.35940/ijitee.G8983.0510721.}
}

@article{ten,
    doi = {10.1088/1742-6596/1997/1/012038},
    year = {2021},
    volume = {1997},
    number = {1},
    pages = {012038},
    author = {Nordin, Noradila and Markom, Marni Azira and Suhaimi, Farhana Aqilah and Ishak, Syaimaa’},
    title = {A Web-Based Campus Navigation System with Mobile Augmented Reality Intervention},
    journal = {Journal of Physics: Conference Series}
}

@misc{eleven,
    author = {Dr. Brinthakumari S. and Gautam Jethe and Yuvraj Patil and Shubham Ramteke},
    title = {AR based Indoor Navigation System},
    year = {2025},
    url = {https://ijsrem.com/download/ar-based-indoor-navigation-system}
}

@misc{twelve,
    title={NavMarkAR: A Landmark-based Augmented Reality (AR) Wayfinding System for Enhancing Spatial Learning of Older Adults}, 
    author={Zhiwen Qiu and Mojtaba Ashour and Xiaohe Zhou and Saleh Kalantari},
    year={2023},
    url={https://arxiv.org/abs/2311.12220}
}

@misc{thirteens,
    author = {Zahraa Bassyouni and Imad H. Elhajj},
    title = {Augmented reality meets artificial intelligence in robotics: A systematic review.},
    year = {2021},
    url = {https://www.frontiersin.org/journals/robotics-and-ai/articles/10.3389/frobt.2021.724798/full?utm\_source}
}

@article{fourteen,
    author = {Deng, Yuejin and Ai, Haojun and Deng, Zeyu and Gao, Wenxiu and Shang, Jianga},
    title = {An Overview of Indoor Positioning and Mapping Technology Standards},
    journal = {Standards},
    volume = {2},
    year = {2022},
    number = {2},
    pages = {157--183},
    doi = {10.3390/standards2020012}
}

@article{fifteen,
    author = {Sumer Bhatkar and Vishwajeet Kumar and Amaan Javed, and Prof.M.E.Sanap},
    url = {https://www.jetir.org/view?paper=JETIR2104329},
    year = {2021},
    volume = {8},
    pages = {948-949},
    title = {Campus Navigation APP With Augmented Reality Techniques},
    journal = {Journal of Emerging Technologies and Innovative Research}
}

@article{sixteen,
    author = {Lo Valvo, Alice and Croce, Daniele and Garlisi, Domenico and Giuliano, Fabrizio and Giarré, Laura and Tinnirello, Ilenia},
    title = {A Navigation and Augmented Reality System for Visually Impaired People},
    journal = {Sensors},
    volume = {21},
    year = {2021},
    number = {9},
    article-number = {3061},
    doi = {10.3390/s21093061}
}

@article{seventeen,
    author = {Foroughi, Farzin and Chen, Zonghai and Wang, Jikai},
    title = {A CNN-Based System for Mobile Robot Navigation in Indoor Environments via Visual Localization with a Small Dataset},
    journal = {World Electric Vehicle Journal},
    volume= {12},
    year = {2021},
    number = {3},
    article-number = {134},
    doi = {10.3390/wevj12030134}
}

@article{eighteen,
    author={Ashiq, Fahad and Asif, Muhammad and Ahmad, Maaz Bin and Zafar, Sadia and Masood, Khalid and Mahmood, Toqeer and Mahmood, Muhammad Tariq and Lee, Ik Hyun},
    journal={IEEE Access}, 
    title={CNN-Based Object Recognition and Tracking System to Assist Visually Impaired People}, 
    year={2022},
    volume={10},
    pages={14819-14834},
    doi={10.1109/ACCESS.2022.3148036}
}

@article{nineteen,
    author = {David Cortes and Belen Bermejo and Carlos Juiz},
    title = {The use of CNNs in VR/AR/MR/XR: A systematic literature review— virtual reality},
    journal = {},
    year = {2024},
    url = {https://link.springer.com/article/10.1007/s10055-024-01044-6?utm\_source}
}

@misc{twenty,
    title={CNN-Augmented Visual-Inertial SLAM with Planar Constraints}, 
    author={Pan Ji and Yuan Tian and Qingan Yan and Yuxin Ma and Yi Xu},
    year={2022},
    url={https://arxiv.org/abs/2205.02940}
}

@article{twentyone,
    title = {A CNN-based multi-target fast classification method for AR-SSVEP},
    journal = {Computers in Biology and Medicine},
    volume = {141},
    pages = {105042},
    year = {2022},
    doi = {https://doi.org/10.1016/j.compbiomed.2021.105042},
    author = {Xincan Zhao and Yulin Du and Rui Zhang}
}

@article{twentytwo,
    title = {Novel approach for augmented reality using Convolutional Neural Networks},
    journal = {International Journal of Advances in Soft Computing and its Applications},
    volume = {14},
    pages = {},
    year = {2022},
    doi = {10.15849/IJASCA.220720.05},
    author = {Zainab Oufqir and Abdellatif EL ABDERRAHMANI and Khalid Satori}
}

@article{twentythree,
    author = {Chiou, Shin-Yan and Liu, Li-Sheng and Lee, Chia-Wei and Kim, Dong-Hyun and Al-masni, Mohammed A. and Liu, Hao-Li and Wei, Kuo-Chen and Yan, Jiun-Lin and Chen, Pin-Yuan},
    title = {Augmented Reality Surgical Navigation System Integrated with Deep Learning},
    journal = {Bioengineering},
    volume = {10},
    year = {2023},
    number = {5},
    article-number = {617},
    doi = {10.3390/bioengineering10050617}
}

@article{twentyfour,
    author = {Chen, Kai and Zhang, Pengtao and You, Liang and Sun, Jian},
    title = {Research on Kalman Filter Fusion Navigation Algorithm Assisted by CNN-LSTM Neural Network},
    journal = {Applied Sciences},
    volume = {14},
    year = {2024},
    number = {13},
    article-number = {5493},
    doi = {10.3390/app14135493}
}

@article{twentyfive,
    author = {Sadeghi Esfahlani, Shabnam and Sanaei, Alireza and Ghorabian, Mohammad and Shirvani, Hassan},
    title = {The Deep Convolutional Neural Network Role in the Autonomous Navigation of Mobile Robots (SROBO)},
    journal = {Remote Sensing},
    volume = {14},
    year = {2022},
    number = {14},
    article-number = {3324},
    doi = {10.3390/rs14143324}
}

@article{twentysix,
    author = {Dejiang Kong and Fei Wu},
    title = {HST-LSTM: A Hierarchical Spatial-Temporal Long-Short Term Memory Network for Location Prediction},
    journal = {},
    year = {2021},
    url = {https://www.ijcai.org/proceedings/2018/0324.pdf}
}

@article{twentyseven,
    title = {A spatio-temporal LSTM model to forecast across multiple temporal and spatial scales},
    journal = {Ecological Informatics},
    volume = {69},
    pages = {101687},
    year = {2022},
    doi = {https://doi.org/10.1016/j.ecoinf.2022.101687},
    author = {Fearghal O'Donncha and Yihao Hu and Paulito Palmes and Meredith Burke and Ramon Filgueira and Jon Grant}
}

@article{twentyeight,
    author={Wang, Rongrong and Luo, Haiyong and Wang, Qu and Li, Zhaohui and Zhao, Fang and Huang, Jingyu},
    journal={IEEE Transactions on Instrumentation and Measurement}, 
    title={A Spatial–Temporal Positioning Algorithm Using Residual Network and LSTM}, 
    year={2020},
    volume={69},
    number={11},
    pages={9251-9261}
}

@article{twentynine,
    author = {Jingwei Hou and Yanjuan Wang and Bo Hou and Ji Zhou, and Qiong Tian},
    title = {Spatial Simulation and Prediction of Air Temperature Based on CNN-LSTM},
    journal = {Applied Artificial Intelligence},
    year = {2023},
    url = {https://doi.org/10.1080/08839514.2023.2166235}
}

@article{thirty,
    author = {Abduljabbar, Rusul L. and Dia, Hussein and Tsai, Pei-Wei and Liyanage, Sohani},
    title = {Short-Term Traffic Forecasting: An LSTM Network for Spatial-Temporal Speed Prediction},
    journal = {Future Transportation},
    volume = {1},
    year = {2021},
    number = {1},
    pages = {21--37},
    doi = {10.3390/futuretransp1010003}
}

@article{thirtyone,
    author = {Li, Linjia and Yang, Yang and Yuan, Zhenzhou and Chen, Zhi},
    title = {A spatial-temporal approach for traffic status analysis and prediction based on Bi-LSTM structure},
    journal = {Modern Physics Letters B},
    volume = {35},
    number = {31},
    pages = {2150481},
    year = {2021},
    doi = {10.1142/S0217984921504819},
}

@article{thirtytwo,
    author = {Jiang, Rui and Xu, Hongyun and Gong, Gelian and Kuang, Yong and Liu, Zhikang},
    title = {Spatial-Temporal Attentive LSTM for Vehicle-Trajectory Prediction},
    journal= {ISPRS International Journal of Geo-Information},
    volume = {11},
    year = {2022},
    number = {7},
    article-number = {354},
    doi = {10.3390/ijgi11070354}
}

@article{thirtythree,
    author = {Ryo Miyoshi and Noriko Nagata and Manabu Hashimoto},
    title = {Enhanced convolutional LSTM with spatial and temporal skip connections and temporal gates for facial expression recognition from video},
    journal = {Neural Computing and Applications},
    year = {2021},
    url = {https://doi.org/10.1007/s00521-020-05557-4}
}

@article{thirtyfour,
    author = {Ma, Xinwei and Yin, Yurui and Jin, Yuchuan and He, Mingjia and Zhu, Minqing},
    title = {Short-Term Prediction of Bike-Sharing Demand Using Multi-Source Data: A Spatial-Temporal Graph Attentional LSTM Approach},
    journal = {Applied Sciences},
    volume = {12},
    year = {2022},
    number = {3},
    article-number = {1161},
    doi = {10.3390/app12031161}
}

@article{thirtyfive,
    title = {Outlet water temperature prediction of energy pile based on spatial-temporal feature extraction through CNN–LSTM hybrid model},
    journal = {Energy},
    volume = {264},
    pages = {126190},
    year = {2023},
    doi = {https://doi.org/10.1016/j.energy.2022.126190},
    author = {Weiyi Zhang and Haiyang Zhou and Xiaohua Bao and Hongzhi Cui}
}

@article{thirtysix,
    author = {Sichen Yuan},
    title = {Review of Root-Mean-Square Error Calculation Methods for Large Deployable Mesh Reflectors},
    journal = {International Journal of Aerospace Engineering},
    year = {2022},
    url = {https://doi.org/10.1155/2022/5352146}
}
@article{thirtyseven,
    author = {German Martin and Torres-Sospedra Joaquin and Potorti Francesco and Moreira Adriano and Knauth Stefan and Berkvens Rafael and Joaquin Huerta and Beyond and Germán Martín Mendoza-Silva and Joaquín Torres-Sospedra and Francesco Potortì and Adriano Moreira and Stefan Knauth and Rafael Berkvens and Joaquín Huerta and G Mendoza-Silva and J Huerta},
    title = {This item is the archived peer-reviewed author-version of: Beyond Euclidean distance for error measurement in pedestrian indoor location Reference: Institutional repository IRUA IEEE TRANSACTIONS ON INSTRUMENTATION AND MEASUREMENT 1 Beyond Euclidean Distance for Error Measurement in Pedestrian Indoor Location.},
    journal = {},
    year = {2022},
    url = {https://repository.uantwerpen.be/docman/irua/748a49/171383.pdf}
}

@inbook{crnkovic2010,
    author="Crnkovic, Gordana Dodig",
    editor="Magnani, Lorenzo
    and Carnielli, Walter
    and Pizzi, Claudio",
    title="Constructive Research and Info-computational Knowledge Generation",
    bookTitle="Model-Based Reasoning in Science and Technology: Abduction, Logic, and Computational Discovery",
    year="2010",
    publisher="Springer Berlin Heidelberg",
    address="Berlin, Heidelberg",
    pages="359--380",
    isbn="978-3-642-15223-8",
    doi="10.1007/978-3-642-15223-8\_20"
}

@misc{he2015deepresiduallearningimage,
    title={Deep Residual Learning for Image Recognition}, 
    author={Kaiming He and Xiangyu Zhang and Shaoqing Ren and Jian Sun},
    year={2015},
    url={https://arxiv.org/abs/1512.03385}
}

@article{10.1162/neco.1997.9.1.1,
    author = {Hochreiter, Sepp and Schmidhuber, Jürgen},
    title = {Flat Minima},
    journal = {Neural Computation},
    volume = {9},
    number = {1},
    pages = {1-42},
    year = {1997},
    doi = {10.1162/neco.1997.9.1.1},
}

@article{gmd-15-5481-2022,
    author = {Hodson, T. O.},
    title = {Root-mean-square error (RMSE) or mean absolute error (MAE): when to use them or not},
    journal = {Geoscientific Model Development},
    volume = {15},
    year = {2022},
    number = {14},
    pages = {5481--5487},
    doi = {10.5194/gmd-15-5481-2022}
}

@misc{1,
    author = {Ryan Perrin},
    title = {Indoor Navigation: Concepts, Tech, \& What You Need to Know},
    year = {2025},
    url = {https://spaces.cisco.com/what-is-indoor-navigation/}
}

@misc{2,
    author = {Louisa Keyworth},
    title = {Navigating the Path: Digital Maps vs Paper Maps},
    year = {2024},
    url = {https://www.lovelljohns.com/navigating-the-path-digital-maps-vs-paper-maps/}
}

@misc{3,
    author = {Mappedin},
    title = {Indoor navigation vs indoor positioning},
    year = {2022},
    url = {https://www.mappedin.com/resources/blog/indoor-positioning-vs-indoor-navigation/}
}

@misc{4,
    author = {Miranda Asral},
    title = {First-year students face difficulties navigating campus due to limited access to academic buildings},
    year = {2021},
    url = {https://thebrownandwhite.com/2021/03/05/first-years-face-difficulties-navigating-campus/?utm\_source}
}

@article{5,
    author = {Reynaldo E. Castillo and Paula Jean M. Castro and Maria Christina R. Aragon and Henry C. Macugay},
    title = {TIP EXPRESS: An Android School Navigation Application},
    journal = {International Journal of Computer and Communication Engineering},
    volume = {7},
    number = {3},
    year = {2018},
    pages = {98--106},
    doi = {10.17706/IJCCE.2018.7.3.98-106}
}

@misc{6,
    author = {Don Mariano Marcos Memorial State University},
    title = {JUAN: Jerome’s Unusual Academy Navigator App},
    year = {2023},
    url = {https://www.dmmmsu.edu.ph/2023/03/22/juan-jeromes-unusual-academy-navigator-app/}
}

@misc{7,
    author = {Andrew Makarov and Vitali Protsenko},
    title = {A Guide to Developing Augmented Reality Indoor Navigation Applications},
    year = {2025},
    url = {https://mobidev.biz/blog/augmented-reality-indoor-navigation-app-development?utm\_source}
}

@article{8,
    author = {Yoon, Jae-hyuk and Kim, Hee-jin and Lee, Dong-seok and Kwon, Soon-kak},
    title = {Indoor Positioning Method by CNN-LSTM of Continuous Received Signal Strength Indicator},
    journal = {Electronics},
    volume = {13},
    year = {2024},
    number = {22},
    doi = {10.3390/electronics13224518}
}

@misc{9,
    author = {Alexander Gillis},
    title = {What Is Augmented Reality (AR)?},
    year = {2024},
    url = {https://www.techtarget.com/whatis/definition/augmented-reality-AR}
}

@misc{10,
    author = {Cole Stryker and Eda Kavlakoglu},
    title = {What Is Artificial Intelligence (AI)?},
    year = {2024},
    url = {https://www.ibm.com/think/topics/artificial-intelligence}
}

@misc{11,
    author = {Laith Alzubaidi and Jinglan Zhang and Amjad J. Humaidi and Ayad Al-Dujaili and Ye Duan and Omran Al-Shamma and J. Santamaría and Mohammed A. Fadhel and Muthana Al-Amidie and Laith Farhan},
    title = {Review of deep learning: concepts, CNN architectures, challenges, applications, future directions.},
    year = {2021},
    doi = {10.1186/s40537-021-00444-8}
}

@misc{12,
    author = {IBM},
    title = {Computer Vision.},
    year = {2021},
    url = {https://www.ibm.com/think/topics/computer-vision}
}

@misc{13,
    author = {Investopedia},
    title = {Geolocation: What it is, How it Works, Examples},
    year = {2021},
    url = {https://www.investopedia.com/terms/g/geolocation.asp}
}

@misc{14,
    author = {{National Oceanic and Atmospheric Administration}},
    title = {The Global Positioning System: Global Positioning Tutorial},
    year = {2024},
    url = {https://oceanservice.noaa.gov/education/tutorial\_geodesy/geo09\_gps.html}
}

@misc{15,
    author = {Aamna Kamran},
    title = {Long Short-Term Memory (LSTM) - Comprehensive Guide to LSTMs in AI},
    year = {2024},
    url = {https://metaschool.so/articles/lstm-long-short-term-memory}
}

@misc{16,
    author = {Abhishek Gupta and Dr. Lokesh Kumar R},
    title = {Landmark recognition using CNN},
    year = {2021},
    url = {https://www.irjmets.com/uploadedfiles/paper/volume3/issue\_5\_may\_2021/11360/1628083460.pdf}
}

@misc{17,
    author = {Gazi Mahmud and Hao Zhang and Jack F. Douglas},
    title = {Localization model description of the interfacial dynamics of crystalline Cu and Cu64Zr36 metallic glass films.},
    year = {2020},
    url = {https://doi.org/10.1063/5.0022937}
}

@misc{18,
    author = {Sara Brown},
    title = {Machine Learning, Explained},
    year = {2021},
    url = {https://mitsloan.mit.edu/ideas-made-to-matter/machine-learning-explained}
}

@article{19,
    author = {Rubio-Sandoval and Jesus Ivan and Martinez-Rodriguez and Jose L. and Lopez-Arevalo and Ivan and Rios-Alvarado and Ana B. and Rodriguez-Rodriguez and Adolfo Josue and Vargas-Requena and David Tomas},
    title = {An Indoor Navigation Methodology for Mobile Devices by Integrating Augmented Reality and Semantic Web},
    journal = {Sensors},
    volume = {21},
    year = {2021},
    number = {16},
    doi = {10.3390/s21165435}
}

@misc{20,
    author = {Merriam-Webster, Inc.},
    title ={Definition of SPATIOTEMPORAL},
    url = {https://www.merriam-webster.com/dictionary/spatiotemporal},
    year = {}
}